%%%%%%%%%%%%%%%%%%%%%%%%%%%%%%%%%%%%%%%%%%%%%%%%%%%%%%%%%%%%%%%%%%%%%%%%%%%%%%%%
%%%%%%%%%%%%%%%%%%%% INSERINDO COMENTÁRIOS EM ARQUIVOS .bib %%%%%%%%%%%%%%%%%%%%
%%%%%%%%%%%%%%%%%%%%%%%%%%%%%%%%%%%%%%%%%%%%%%%%%%%%%%%%%%%%%%%%%%%%%%%%%%%%%%%%
%
% 1. Como em outros arquivos LaTeX, comentários são iniciados por "%" e,
%    portanto, é preciso usar "\%" para imprimir o caractere "%". Esquecer
%    disso pode gerar erros difíceis de encontrar!
%
% 2. Não é possível inserir comentários dentro de uma entrada, apenas fora.
%
% 3. Não é possível incluir o caractere arroba em um comentário.
%
% 4. Se quiser desabilitar temporariamente um campo ("comentar" o campo),
%    troque seu nome para algum nome inválido, como "author-disable".
%    Se quiser fazer alguma observação permanente dentro de uma entrada,
%    você também pode usar algum nome de campo inválido, como "lembrete",
%    ou usar o campo "annotation", que normalmente é ignorado.
%
% 5. Se quiser desabilitar temporariamente uma entrada inteira ("comentar" a
%    entrada), não basta colocar "%" nas linhas correspondentes por causa do
%    caractere arroba; também é preciso remover a arroba.
%
% 6. Na verdade, as regras não são bem essas, mas segui-las é uma boa ideia:
%    https://tex.stackexchange.com/a/262282


% Esta entrada está comentada, ou seja, não tem efeito: se houvesse uma
% referência a ela no texto, a referência ficaria inválida. Observe que,
% para isso, o caractere arroba foi apagado!
%Book{JW82,
% author    = {Richard A. Johnson and Dean W. Wichern},
% title     = {Applied Multivariate Statistical Analysis},
% publisher = {Prentice-Hall},
% year      = {1983}
%}

% Esta entrada não está em uso em tese.tex, apenas em
% apresentacao.tex, mas isso não é um problema: você pode
% ter um banco de dados com todos os papers que são de seu
% interesse e, em um dado texto, citar apenas alguns deles.
@Manual{CORBA:spec,
 title       = {{CORBA} v3.0 Specification},
 author      = {{Object Management Group}},
 shortauthor = {OMG},
 month       = Jul,
 year        = {2002},
 note        = {OMG Document 02-06-33}
}

@Book{eco:09,
 author   = {Umberto Eco},
 title    = {Como se Faz uma Tese},
 edition  = 22,
 publisher= {Perspectiva},
 note     = {Tradução Gilson Cesar Cardoso de Souza},
 year     = {2009},
}

@Book{zobel:04,
 author   = {Justin Zobel},
 title    = {Writing for Computer Science: The Art of Effective Communication},
 publisher= {Springer},
 edition  = 2,
 year     = {2004},
}

@Book{waz:09,
 author   = {Raul S. Wazlawick},
 title    = {Metodologia de Pesquisa em Ciência da Computação},
 publisher= {Campus},
 edition  = 1,
 year     = {2009},
}

@Book{Higham:98,
 author   = {Nicholas J. Higham},
 title    = {Handbook of Writing for the Mathematical Sciences},
 edition  = 2,
 publisher= {SIAM: Society for Industrial and Applied Mathematics},
 month    = Aug,
 year     = {1998},
}

@book{Knuth:96,
 author   = {Donald E. Knuth and Tracy Larrabee and Paul M. Roberts},
 title    = {Mathematical Writing},
 publisher= {The Mathematical Association of America},
 month    = Sep,
 year     = {1996}
}

@InProceedings{alves03:simi,
 author   = {Carlos E. R. Alves and Edson N. Cáceres and Frank Dehne and Siang W. Song},
 title    = {A Parallel Wavefront Algorithm for Efficient Biological Sequence Comparison},
 booktitle= {ICCSA'03: The 2003 International Conference on Computational Science and its Applications},
 year     = {2003},
 pages    = {249-258},
 month    = May,
 publisher= {Springer-Verlag}
}

@Article{MenaChalco08,
 author   = {Jesús P. Mena-Chalco and Helaine Carrer and Yossi Zana and Roberto M. Cesar-Jr.},
 title    = {Identification of Protein Coding Regions Using the Modified {G}abor-Wavelet Transform},
 journal  = {IEEE/ACM Transactions on Computational Biology and Bioinformatics},
 volume   = {5},
 pages    = {198-207},
 year     = {2008},
}

@Article{floats2014,
 author    = {Frank Mittelbach},
 title     = {How to influence the position of float environments like figure and table in {\LaTeX}?},
 journal   = {{TUGboat}},
 journalsubtitle = {Communications of the \TeX\ Users Group},
 volume    = {35},
 number    = {3},
 year      = 2014,
 url       = {tug.org/TUGboat/tb35-3/tb111mitt-float.pdf},
 urldate   = {2020-01-09},
 publisher = {\TeX\ {Users} {Group}},
 address   = {Portland ({OR}), {USA}},
}

@Techreport{alvisi99:analysisCIC,
 author      = {Lorenzo Alvisi and Elmootazbellah Elnozahy and Sriram S. Rao and Syed A. Husain and Asanka Del Mel},
 title       = {An Analysis of Comunication-Induced Checkpointing},
 institution = {Department of Computer Science, University of Texas at Austin},
 year        = {1999},
 number      = {TR-99-01},
 address     = {Austin, USA}
}

@Misc{gridftp,
 author   = {William Allcock},
 title    = {{GridFTP} Protocol Specification. {Global Grid Forum} Recommendation ({GFD}.20)},
 year     = {2003}
}

% A entrada "year" eh usada por bibtex;
% biblatex pode usar "year" ou "date"
@Manual{natbib,
 title       = "Reference sheet for \texttt{natbib} usage",
 author      = "Patrick W. Daly",
 year        = {2010},
 date        = {2010-09-13},
 urldate     = {2018-12-20},
 url         = {mirrors.ctan.org/macros/latex/contrib/natbib/natnotes.pdf},
}

@Manual{biblatex,
 title       = "The \texttt{biblatex} Package",
 author      = "Philipp Lehman and Philip Kime and Moritz Wemheuer and Audrey Boruvka and Joseph Wright",
 year        = 2018,
 date        = {2018-10-30},
 urldate     = {2018-12-20},
 url         = {mirrors.ctan.org/macros/latex/contrib/biblatex/doc/biblatex.pdf},
}

@PhdThesis{garcia01:PhD,
 author   = {Islene C. Garcia},
 title    = {Visões Progressivas de Computações Distribuídas},
 school   = {Instituto de Computação, Universidade de Campinas},
 address  = {Campinas, Brasil},
 year     = {2001},
 month    = Dec
}

@Conference{bronevetsky02,
 author     = {Greg Bronevetsky and Daniel Marques and Keshav Pingali and Paul Stodghill},
 title      = {Automated Application-Level Checkpointing of {MPI} Programs},
 booktitle  = {PPoPP'03: Proceedings of the 9th ACM SIGPLAN Symposium on Principles and Practice of Parallel Programming},
 year       = {2003},
 pages      = {84-89},
 eventdate  = {2003-06-11/2003-06-13},
 venue      = {San Diego, California}
}

@InCollection{bobaoglu93:concepts,
 author   = {Ozalp Babaoglu and Keith Marzullo},
 title    = {Consistent Global States of Distributed Systems: Fundamental Concepts and Mechanisms},
 editor   = {Sape Mullender},
 booktitle= {Distributed Systems},
 edition  = 2,
 year     = {1993},
 pages    = {55-96}
}

@MastersThesis{schmidt03:MSc,
 author   = {Rodrigo M. Schmidt},
 title    = {Coleta de Lixo para Protocolos de \emph{Checkpointing}},
 school   = {Instituto de Computação, Universidade de Campinas},
 address  = {Campinas, Brasil},
 year     = {2003},
 month    = Oct
}

@online{fowler04:designDead,
 author   = {Martin Fowler},
 title    = {Is Design Dead?},
 year     = {2004},
 month    = May,
 urldate  = {2010-01-30},
 url      = {martinfowler.com/articles/designDead.html},
}

@online{FSF:GNU-GPL,
 author      = {{Free Software Foundation}},
 shortauthor = {FSF},
 title       = {{GNU} General Public License},
 year        = 2007,
 urldate     = {2010-01-30},
 url         = {www.gnu.org/copyleft/gpl.html},
}

@article{alon09:how,
 author   = {Uri Alon},
 title    = {How To Choose a Good Scientific Problem},
 journal  = {Molecular Cell},
 year     = {2009},
 volume   = {35},
 number   = {6},
 pages    = {726--728},
 publisher= {Cell Press},
 month    = sep,
 doi      = {10.1016/j.molcel.2009.09.013},
}

@book{tufte01:visualDisplay,
 author   = {Edward Tufte},
 title    = {The Visual Display of Quantitative Information},
 year     = {2001},
 edition  = 2,
 publisher= {Graphics Press},
 month    = may,
}

@Manual{usp:guidelines,
 author      = {{Universidade de São Paulo --- Sistema Integrado de Bibliotecas}},
 shortauthor = {SIBiUSP},
 title       = {Diretrizes para Apresentação de
	        Dissertações e Teses da {USP}:
	        Documento Eletrônico e Impresso},
 year        = 2009,
 url         = {www.teses.usp.br/index.php?option=com_content&view=article&id=52&Itemid=67},
 urldate     = {2017-11-10},
}

@online{carlis:09,
 author  = {John V. Carlis},
 title   = {Design: The Key to Writing
            (and Advising) a One-Draft {Ph.D} Dissertation},
 year    = 2009,
 url     = {www-users.cs.umn.edu/~carlis/one-draft.pdf},
 urldate = {2017-11-10},
}

@book{craftresearch,
 author    = {Wayne C. Booth and Gregory G. Colomb and Joseph M. Williams},
 title     = {The Craft of Research},
 publisher = {The University of Chicago Press},
 year      = 2008,
}

@book{dissertjourney,
 author    = {Carol M. Roberts},
 title     = {The Dissertation Journey},
 publisher = {Corwin},
 year      = 2010,
 edition   = 2,
 location  = {Thousand Oaks, CA},
}

@manual{sbctemplate,
 author  = {Luciana P. Nedel and Rafael H. Bordini and Flávio Rech Wagner and Jomi F. H\"{u}bner},
 title   = {Instructions for Authors of {SBC} Conferences Papers and Abstracts},
 year    = 2017,
 url     = {www.sbc.org.br/documentos-da-sbc/category/169-templates-para-artigos-e-capitulos-de-livros},
 urldate = {2018-12-13},
}

@misc{dragonbook,
  title={Compilers, Principles, Techniques, and Tools. Second Edition},
  author={Jeffrey, Alfred V Aho Ravi Sethi and Ullman, D},
  year={2007},
  publisher={Addison-Wesley, March}
}

@misc{githuboctoverse,
    title={GitHub: The state of the Octoverse 2017},
    author={GitHub},
    year={2017},
    url={https://web.archive.org/web/20190215123508/https://octoverse.github.com/2017/}
}

@misc{mailgcc,
    title={Paralelize the compilation with Threads},
    author={Bin Cheng},
    year={2018},
    url={https://gcc.gnu.org/ml/gcc/2018-12/msg00079.html}
}

@misc{gcctimer,
    title={GCC Compilation Timing Analysis},
    author={Giuliano Belinassi},
    year={2019},
    url={https://github.com/giulianobelinassi/gcc-timer-analysis}
}

@misc{gcc,
    title={Gnu Compiler Collection},
    author={GCC},
    year={2019},
    url={https://gcc.gnu.org/}
}

@misc{f2c,
    title={Fortran 77 to C compiler},
    author={F2C},
    year={2019},
    url={http://www.netlib.org/f2c/}
}

@misc{make,
    title={GNU Make},
    author={Make},
    year={2019},
    url={https://www.gnu.org/software/make/}
}

@misc{pr84402,
    title={GCC Problem Report No. 84402},
    author={Martin Liška},
    year={2018},
    url={https://gcc.gnu.org/bugzilla/show_bug.cgi?id=84402}
}

@article{lumsdaine2007challenges,
  title={Challenges in parallel graph processing},
  author={Lumsdaine, Andrew and Gregor, Douglas and Hendrickson, Bruce and Berry, Jonathan},
  journal={Parallel Processing Letters},
  volume={17},
  number={01},
  pages={5--20},
  year={2007},
  publisher={World Scientific}
}

@techreport{iso148822017,
    type={Standard},
    key={ISO 14882:2017},
    year={2017},
    title={Programming Languages -- C++},
    institution={International Organization for Standardization},
	author={ISO/IEC}
}

@misc{phoronix,
    title={Phoronix: GCC's Potential GSoC Projects Include Better Parallelizing The Compiler},
    author={atomsymbol},
    year={2019},
    url={https://www.phoronix.com/forums/forum/software/programming-compilers/1078118-gcc-s-potential-gsoc-projects-include-better-parallelizing-the-compiler?p=1078145\#post1078145}
}

@article{thompson,
	author = {Thompson, Ken},
	title = {Programming Techniques: Regular Expression Search Algorithm},
	journal = {Commun. ACM},
	issue_date = {June 1968},
	volume = {11},
	number = {6},
	month = jun,
	year = {1968},
	issn = {0001-0782},
	pages = {419--422},
	numpages = {4},
	url = {http://doi.acm.org/10.1145/363347.363387},
	doi = {10.1145/363347.363387},
	acmid = {363387},
	publisher = {ACM},
	address = {New York, NY, USA},
	keywords = {match, regular expression, search},
}

@incollection{hopcroft1971n,
	title={An n log n algorithm for minimizing states in a finite automaton},
	author={Hopcroft, John},
	booktitle={Theory of machines and computations},
	pages={189--196},
	year={1971},
	publisher={Elsevier}
}

@book{sipser2012,
	title={Introduction to the Theory of Computation},
	author={Sipser, Michael},
	year={2012},
	publisher={Cengage Learning}
}

@book{appel2004modern,
	title={Modern compiler implementation in C},
	author={Appel, Andrew W},
	year={2004},
	publisher={Cambridge university press}
}

@article{cytron1991efficiently,
  title={Efficiently computing static single assignment form and the control dependence graph},
  author={Cytron, Ron and Ferrante, Jeanne and Rosen, Barry K and Wegman, Mark N and Zadeck, F Kenneth},
  journal={ACM Transactions on Programming Languages and Systems (TOPLAS)},
  volume={13},
  number={4},
  pages={451--490},
  year={1991},
  publisher={ACM}
}

@article{knuth1965translation,
  title={On the translation of languages from left to right},
  author={Knuth, Donald E},
  journal={Information and control},
  volume={8},
  number={6},
  pages={607--639},
  year={1965},
  publisher={Elsevier}
}

@book{khedker2009data,
  title={Data flow analysis: theory and practice},
  author={Khedker, Uday and Sanyal, Amitabha and Sathe, Bageshri},
  year={2009},
  publisher={CRC Press}
}

@book{blindell2016instruction,
  title={Instruction selection: principles, methods, and applications},
  author={Blindell, Gabriel Hjort},
  year={2016},
  publisher={Springer}
}

@inproceedings{glanville1978,
 author = {Glanville, R. Steven and Graham, Susan L.},
 title = {A New Method for Compiler Code Generation},
 booktitle = {Proceedings of the 5th ACM SIGACT-SIGPLAN Symposium on Principles of Programming Languages},
 series = {POPL '78},
 year = {1978},
 location = {Tucson, Arizona},
 pages = {231--254},
 numpages = {24},
 url = {http://doi.acm.org/10.1145/512760.512785},
 doi = {10.1145/512760.512785},
 acmid = {512785},
 publisher = {ACM},
 address = {New York, NY, USA},
} 

@misc{redhat,
  title={From Source to Binary: The Inner Workings of GCC},
  author={Diego Novillo},
  year={2016},
  url={https://web.archive.org/web/20160410185222/https://www.redhat.com/magazine/002dec04/features/gcc/}
}

@misc{llvm,
  title={LLVM Compiler Infrastructure: FAQ},
  author={LLVM},
  year={2019},
  url={https://web.archive.org/web/20160410185222/https://www.redhat.com/magazine/002dec04/features/gcc/}
}

@article{ritchie1979tour,
  title={A tour through the UNIX C compiler},
  author={Ritchie, Dennis M},
  journal={UNIX Programmer's Manual},
  volume={2},
  year={1979}
}

@article{lattner2002llvm,
  title={The LLVM instruction set and compilation strategy},
  author={Lattner, Chris and Adve, Vikram},
  journal={CS Dept., Univ. of Illinois at Urbana-Champaign, Tech. Report UIUCDCS},
  year={2002},
  publisher={Citeseer}
}
@misc{generic,
  title={GENERIC Documentation},
  author={GNU},
  year={2019},
  url={https://gcc.gnu.org/onlinedocs/gccint/GENERIC.html}
}

@misc{sinatan,
  title={PR86829 Missing sin(atan(x)) optimization},
  author={Giuliano Belinassi},
  year={2018},
  url={https://gcc.gnu.org/bugzilla/show_bug.cgi?id=86829}
}

@misc{sinatan_flusp,
  title={Adding Trigonometric Optimizations in GCC},
  author={Giuliano Belinassi},
  year={2019},
  url={https://flusp.ime.usp.br/gcc/making-gcc-optimize-some-trigonometric-functions/}
}

@misc{PR84402,
  title={PR84402},
  author={Martin Liška},
  year={2018},
  url={https://gcc.gnu.org/bugzilla/show_bug.cgi?id=84402}
}

@misc{PR86164,
  title={PR86164 - std::regex crashes when matching long lines},
  author={Holger Seelig},
  year={2018},
  url={https://gcc.gnu.org/bugzilla/show_bug.cgi?id=86164}
}

@misc{gimple,
  title={GIMPLE Documentation},
  author={GNU},
  year={2019},
  url={https://gcc.gnu.org/onlinedocs/gccint/GENERIC.html}
}

@misc{42years,
  title={42 Years of Microprocessor Trend Data},
  author={Karl Rupp},
  year={2018},
  url={https://github.com/karlrupp/microprocessor-trend-data}
}

@article{drepper:2007,
  title={What every programmer should know about memory},
  author={Ulrich Drepper},
  journal={Red Hat, Inc},
  volume={11},
  year={2007}
}

@book{love:2005,
  author = {Robert Love},
  title = {Linux Kernel Development (2Nd Edition) (Novell Press)},
  year = {2005},
  isbn = {0672327201},
  publisher = {Novell Press},
} 

@book{pacheco:2011,
  title={An introduction to parallel programming},
  author={Peter Pacheco},
  year={2011},
  publisher={Elsevier}
}

@article{dijkstra1965,
  title={Over de sequentialiteit van procesbeschrijvingen},
  author={Edsger W Dijkstra},
  year={1965}
}

@manual{semaphore,
  title={sem\_overview Man Page},
  %author={Linux},
  year={2019},
  %url={http://man7.org/linux/man-pages/man7/sem\_overview.7.html}
}

@manual{shmget,
  title={shmget Man Page},
  %author={Linux},
  year={2019},
  %url={http://man7.org/linux/man-pages/man7/sem\_overview.7.html}
}

@manual{pipe,
  title={pipe Man Page},
  %author={Linux},
  year={2019},
  %url={http://man7.org/linux/man-pages/man7/sem\_overview.7.html}
}

@misc{gcc_first_ver,
  title={GCC Releases History},
  author={GNU},
  year={2019},
  url={https://www.gnu.org/software/gcc/releases.html}
}

@misc{rtl,
  title={GCC RTL Representation},
  author={GNU},
  year={2019},
  url={https://gcc.gnu.org/onlinedocs/gccint/RTL.html}
}

@misc{bloomberg,
  title={The IRS Really Needs Some New Computers},
  author={Stephen Mihm},
  year={2019},
  url={https://www.bloomberg.com/opinion/articles/2019-04-18/mueller-report-mueller-did-his-job-now-it-s-our-turn}
}

@misc{gao,
  title={Management Attention Is Needed to Successfully Modernize Tax Processing Systems},
  author={GAO},
  year={2017},
  url={https://web.archive.org/web/20180924110604/https://waysandmeans.house.gov/wp-content/uploads/2017/10/20171004OS-Testimony-Powner.pdf}
}

@misc{tax_failure,
  title={Review of the System Failure That Led to the Tax Day Outage},
  author={Michael E. McKenney},
  year={2018},
  url={https://web.archive.org/web/20180924110604/https://waysandmeans.house.gov/wp-content/uploads/2017/10/20171004OS-Testimony-Powner.pdf}
}

@inproceedings{Mickunas:1978:PCM:800127.804105,
 author = {Mickunas, M. Dennis and Schell, Richard M.},
 title = {Parallel Compilation In A Multiprocessor Environment (Extended Abstract)},
 booktitle = {Proceedings of the 1978 Annual Conference},
 series = {ACM '78},
 year = {1978},
 isbn = {0-89791-000-1},
 location = {Washington, D.C., USA},
 pages = {241--246},
 numpages = {6},
 url = {http://doi.acm.org/10.1145/800127.804105},
 doi = {10.1145/800127.804105},
 acmid = {804105},
 publisher = {ACM},
 address = {New York, NY, USA},
}

@article{Lincoln:1970:PPT:987475.987478,
 author = {Lincoln, Neil},
 title = {Parallel Programming Techniques for Compilers},
 journal = {SIGPLAN Not.},
 issue_date = {October 1970},
 volume = {5},
 number = {10},
 month = oct,
 year = {1970},
 issn = {0362-1340},
 pages = {18--31},
 numpages = {14},
 url = {http://doi.acm.org/10.1145/987475.987478},
 doi = {10.1145/987475.987478},
 acmid = {987478},
 publisher = {ACM},
 address = {New York, NY, USA},
} 

@article{Krohn:1975:PAC:390015.808414,
 author = {Krohn, Howard E.},
 title = {A Parallel Approach to Code Generation for Fortran Like Compilers},
 journal = {SIGPLAN Not.},
 issue_date = {March 1975},
 volume = {10},
 number = {3},
 month = jan,
 year = {1975},
 issn = {0362-1340},
 pages = {146--152},
 numpages = {7},
 url = {http://doi.acm.org/10.1145/390015.808414},
 doi = {10.1145/390015.808414},
 acmid = {808414},
 publisher = {ACM},
 address = {New York, NY, USA},
}

@inproceedings{Mickunas:1978:PCM:800127.804105,
 author = {Mickunas, M. Dennis and Schell, Richard M.},
 title = {Parallel Compilation In A Multiprocessor Environment (Extended Abstract)},
 booktitle = {Proceedings of the 1978 Annual Conference},
 series = {ACM '78},
 year = {1978},
 isbn = {0-89791-000-1},
 location = {Washington, D.C., USA},
 pages = {241--246},
 numpages = {6},
 url = {http://doi.acm.org/10.1145/800127.804105},
 doi = {10.1145/800127.804105},
 acmid = {804105},
 publisher = {ACM},
 address = {New York, NY, USA},
} 

@book{vandevoorde1988parallel,
  title={Parallel compilation on a tightly coupled multiprocessor},
  author={Vandevoorde, Mark Thierry},
  year={1988},
  publisher={Systems Research Center}
}

@article{vandevoorde1988workcrews,
  title={WorkCrews: An abstraction for controlling parallelism},
  author={Vandevoorde, Mark T and Roberts, Eric S},
  journal={International Journal of Parallel Programming},
  volume={17},
  number={4},
  pages={347--366},
  year={1988},
  publisher={Springer}
}

@article{wortman1992,
    author = {Wortman, D.B. and Junkin, M.D.},
    year = {1992},
    month = {01},
    pages = {68-81},
    title = {A Concurrent Compiler for Modula-2+},
    volume = {27},
    doi = {10.1145/143103.120025}
}

@incollection{klein1990parallel,
  title={Parallel one-pass compilation},
  author={Klein, Eduard and Koskimies, Kai},
  booktitle={Attribute Grammars and their Applications},
  pages={76--90},
  year={1990},
  publisher={Springer}
}

@inproceedings{Pennello:1978:FMA:512760.512786,
 author = {Pennello, Thomas J. and DeRemer, Frank},
 title = {A Forward Move Algorithm for LR Error Recovery},
 booktitle = {Proceedings of the 5th ACM SIGACT-SIGPLAN Symposium on Principles of Programming Languages},
 series = {POPL '78},
 year = {1978},
 location = {Tucson, Arizona},
 pages = {241--254},
 numpages = {14},
 url = {http://doi.acm.org/10.1145/512760.512786},
 doi = {10.1145/512760.512786},
 acmid = {512786},
 publisher = {ACM},
 address = {New York, NY, USA},
 keywords = {LALR (k), LR (k), SLR (k), error recovery, parsing, syntax errors},
} 
@Article{Lee1994,
author="Lee, Yong -Fong
and Ryder, Barbara G.",
title="Effectively exploiting parallelism in data flow analysis",
journal="The Journal of Supercomputing",
year="1994",
month="Nov",
day="01",
volume="8",
number="3",
pages="233--262",
abstract="We present an effective approach to performing data flow analysis in parallel and identify three types of parallelism inherent in this solution process: independent-problem parallelism, separate-unit parallelism and algorithmic parallelism. We present our investigations of Fortran procedures from thePerfect Benchmarks andnetlib libraries, which reveal structural characteristics of program flow graphs that are amenable to algorithmic parallelism. Previously, the utility of algorithmic parallelism had been explored using our parallel hybrid algorithm in the context of solving the Reaching Definitions problem for Fortran procedures. Here we present new refinements that optimize performance by increasing the grain size of the parallelism, to improve communication on distributed-memory machines. The empirical performance of our optimized and unoptimized hybrid algorithms for Reaching Definitions are compared on this large data set using an iPSC/2. Our empirical findings qualitatively validate the usefulness of algorithmic parallelism.",
issn="1573-0484",
doi="10.1007/BF01204730",
url="https://doi.org/10.1007/BF01204730"
}
@article{kramer1994combining,
  title={The combining DAG: A technique for parallel data flow analysis},
  author={Kramer, Robert and Gupta, Rajiv and Soffa, Mary Lou},
  journal={IEEE Transactions on Parallel and Distributed Systems},
  volume={5},
  number={8},
  pages={805--813},
  year={1994},
  publisher={IEEE}
}

@misc{whoprgoogle,
  title={WHOPR - Fast and Scalable Whole Program Optimizations in GCC},
  author={Preston Briggs and Doug Evans and Brian Grant and  Robert Hundt and  William Maddox and  Diego Novillo and  Seongbae Park and  David Sehr and  Ian Taylor and  Ollie Wild},
  year={2007},
  url={https://gcc.gnu.org/projects/lto/whopr.pdf}
}

@article{glek2010optimizing,
  title={Optimizing real world applications with GCC link time optimization},
  author={Glek, Taras and Hubicka, Jan},
  journal={arXiv preprint arXiv:1010.2196},
  year={2010}
}

@article{livska2014optimizing,
  title={Optimizing large applications},
  author={Li{\v{s}}ka, Martin},
  journal={arXiv preprint arXiv:1403.6997},
  year={2014}
}

@inproceedings{Johnson:2017:TSI:3049832.3049845,
 author = {Johnson, Teresa and Amini, Mehdi and Li, Xinliang David},
 title = {ThinLTO: Scalable and Incremental LTO},
 booktitle = {Proceedings of the 2017 International Symposium on Code Generation and Optimization},
 series = {CGO '17},
 year = {2017},
 isbn = {978-1-5090-4931-8},
 location = {Austin, USA},
 pages = {111--121},
 numpages = {11},
 url = {http://dl.acm.org/citation.cfm?id=3049832.3049845},
 acmid = {3049845},
 publisher = {IEEE Press},
 address = {Piscataway, NJ, USA},
 keywords = {Cross-module, Inter-procedural, Link-Time Optimization, Optimization},
} 

@article{Barenghi:2015:PPM:2839536.2840146,
 author = {Barenghi, Alessandro and Crespi Reghizzi, Stefano and Mandrioli, Dino and Panella, Federica and Pradella, Matteo},
 title = {Parallel Parsing Made Practical},
 journal = {Sci. Comput. Program.},
 issue_date = {November 2015},
 volume = {112},
 number = {P3},
 month = nov,
 year = {2015},
 issn = {0167-6423},
 pages = {195--226},
 numpages = {32},
 url = {https://doi.org/10.1016/j.scico.2015.09.002},
 doi = {10.1016/j.scico.2015.09.002},
 acmid = {2840146},
 publisher = {Elsevier North-Holland, Inc.},
 address = {Amsterdam, The Netherlands, The Netherlands},
 keywords = {Operator precedence grammar, Parallel parser, Parallel parsing algorithms, Syntax analysis},
}

@book{morettin2017estatistica,
  title={Estatística básica},
  author={Pedro Alberto Morettin and WILTON OLIVEIRA BUSSAB},
  year={2017},
  publisher={Editora Saraiva}
}



@misc{llvm_insn_selection,
  title={The LLVM Target-Independent Code Generator},
  author={LLVM},
  year={2019},
  url={https://llvm.org/docs/CodeGenerator.html#instruction-selection-section}
}

@misc{gcc_insns_selection,
  title={Improve Instruction Selection},
  author={GCC Wiki},
  year={2008},
  url={https://gcc.gnu.org/wiki/Improve_instruction_selection}
}

@misc{gcc_git,
  title={It's 2020 And GCC Has Finally Converted From SVN To Git},
  author={Michael Larabel},
  year={2020},
  url={https://www.phoronix.com/scan.php?page=news_item&px=GCC-Is-On-Git}
}


@inproceedings{koes2008near,
  title={Near-optimal instruction selection on dags},
  author={Koes, David Ryan and Goldstein, Seth Copen},
  booktitle={Proceedings of the 6th annual IEEE/ACM international symposium on Code generation and optimization},
  pages={45--54},
  year={2008},
  organization={ACM}
}
@phdthesis{ripken1977formale,
  title={Formale Beschreibung von Maschinen, Implementieurungen und optimierender Maschinencodeerzeugung aus attributierten Programmgraphen},
  author={Ripken, Rip771 K},
  year={1977},
  school={PhD Dissertation, Technische Universitat Munchen, Munich, West Germany}
}

@book{ritchie1988c,
  title={The C programming language},
  author={Ritchie, Dennis M and Kernighan, Brian W and Lesk, Michael E},
  year={1988},
  publisher={Prentice Hall Englewood Cliffs}
}

@article{knuth1965translation,
  title={On the translation of languages from left to right},
  author={Knuth, Donald E},
  journal={Information and control},
  volume={8},
  number={6},
  pages={607--639},
  year={1965},
  publisher={Academic Press}
}

@manual{manual21bison,
        address = {https://www.gnu.org/software/bison/manual/html\_node/Shift\_002fReduce.html},
        organization = {GNU Software Foundation},
        title = {Bison 3.7.1 - Shift/Reduce Conflicts},
        url = {https://www.gnu.org/software/bison/manual/html\_node/Shift\_002fReduce.html}
}

@article{georgiadis2006finding,
  title={Finding dominators in practice},
  author={Georgiadis, Loukas and Tarjan, Robert E and Werneck, Renato F},
  journal={Journal of Graph Algorithms and Applications},
  volume={10},
  number={1},
  pages={69--94},
  year={2006},
  publisher={Brown University}
}

@manual{gcc_ipa,
  title={Using summary information in IPA passes},
  author={GNU},
  year={2020},
  url={https://llvm.org/docs/CodeGenerator.html#instruction-selection-section}
}

@manual{gdb_manual,
  title={Using summary information in IPA passes},
  author={GNU},
  year={2020},
  url={https://llvm.org/docs/CodeGenerator.html#instruction-selection-section}
}

@article{stallman1988debugging,
  title={Debugging with GDB},
  author={Stallman, Richard and Pesch, Roland and Shebs, Stan and others},
  journal={Free Software Foundation},
  volume={675},
  year={1988}
}


@incollection{karp1972reducibility,
  title={Reducibility among combinatorial problems},
  author={Karp, Richard M},
  booktitle={Complexity of computer computations},
  pages={85--103},
  year={1972},
  publisher={Springer}
}

@misc{flusp_tavares,
    title={Sending patches by email with git},
    author={Matheus Tavares},
    year={2019},
    url={https://flusp.ime.usp.br/git/sending-patches-by-email-with-git/}
}
